<?xml version="1.0" encoding="UTF-8"?><collection xmlns="http://www.loc.gov/MARC21/slim"><record><leader>00413nam--2200133-i-4500</leader><controlfield tag="001">000047388</controlfield><controlfield tag="002">20161230</controlfield><controlfield tag="005">20161230201046</controlfield><controlfield tag="008">060222s1000------------r-----000-0-eng-d</controlfield><datafield ind1=" " ind2=" " tag="245"><subfield code="a">Perturbation theory and its applications in quantum mechanics</subfield></datafield><datafield ind1=" " ind2=" " tag="260"><subfield code="a">New York, John Wiley &amp; Sons, Inc., 1966, X+428p</subfield></datafield><datafield ind1=" " ind2=" " tag="490"><subfield code="a">Publication No.16 Of The Mathematics Research Center</subfield></datafield><datafield ind1=" " ind2=" " tag="700"><subfield code="a">Wilcox,Calvinh</subfield></datafield><datafield ind1=" " ind2=" " tag="852"><subfield code="a">24728</subfield></datafield></record></collection>